@Misc{projectrepo,
   title={GitHub - Project Repository},
   howpublished={\url{https://github.com/hedvik/IMT4888-Game-Technology}}
}

@misc{projectSpreadsheet,
  title={Google Sheets - Project Test Data},
  howpublished={\url{https://docs.google.com/spreadsheets/d/1RoQc303QMfVLAcpaWQz3_7S7C0yalHc4elHxfVU-ywA/edit?usp=sharing}}
}

@misc{naiveSpawner,
  title={Project Repository - StarSpawner.cs},
  howpublished={\url{https://github.com/hedvik/IMT4888-Game-Technology/blob/master/IMT4888/Assets/Scripts/Regular\%20Unity\%20Scripts/StarSpawner.cs}}
}

@misc{naiveOrbiter,
  title={Project Repository - OrbitAroundTransform.cs},
  howpublished={\url{https://github.com/hedvik/IMT4888-Game-Technology/blob/master/IMT4888/Assets/Scripts/Regular\%20Unity\%20Scripts/OrbitAroundTransform.cs}}
}

@misc{rotateAroundFunction,
  title={Unity - Scripting API: Transform.RotateAround},
  howpublished={\url{https://docs.unity3d.com/ScriptReference/Transform.RotateAround.html}},
  note={(Last Visited on 02.11.2018)}
}

@misc{jobOptimizedManager,
  title={Project Repository - GalaxyManager.cs},
  howpublished={\url{https://github.com/hedvik/IMT4888-Game-Technology/blob/master/IMT4888/Assets/Scripts/Regular\%20Unity\%20Scripts/GalaxyManager.cs}}
}

@misc{transformOrbitComponent,
   title={Project Repository - TransformOrbitComponents.cs},
   howpublished={\url{https://github.com/hedvik/IMT4888-Game-Technology/blob/master/IMT4888/Assets/Scripts/ECS\%20Unity\%20Scripts/Components/TransformOrbitComponents.cs}}
}

@misc{bootstrapper,
title={Project Repository - BootstrapperTransformOrbit.cs},
howpublished={\url{https://github.com/hedvik/IMT4888-Game-Technology/blob/master/IMT4888/Assets/Scripts/ECS\%20Unity\%20Scripts/BootstrapperTransformOrbit.cs}}
}

@misc{orbitSystem,
title={Project Repository - StarOrbitSystem.cs},
howpublished = {\url{https://github.com/hedvik/IMT4888-Game-Technology/blob/master/IMT4888/Assets/Scripts/ECS\%20Unity\%20Scripts/Systems/StarOrbitSystem.cs}}
}

@misc{graphy,
title={Unity Asset Store - [Graphy]},
howpublished={\url{https://assetstore.unity.com/packages/tools/gui/graphy-ultimate-fps-counter-stats-monitor-debugger-105778}}
}

@misc{forumFramerateStats,
title = {Unity Forums - Regarding the accuracy of Unity's Stats window},
howpublished={\url{https://forum.unity.com/threads/is-unity-fps-count-wrong-or-am-i-missing-something.150139/}},
note={(Last Visited on 07.11.2018)}
}

@misc{unityLARND,
title = {Unite LA - Unity 2019 R\&D Roadmap},
howpublished={\url{https://www.youtube.com/watch?v=o_DOrBpOvG0}},
year={2018}
}

@misc{noelDOD,
title = {Data-Oriented Design (Or Why You Might Be Shooting Yourself in The Foot With OOP)},
author={Noel Llopis},
howpublished={\url{http://gamesfromwithin.com/data-oriented-design}},
year={2009},
note={(Last Visited on 12.11.2018)}
}

@misc{fabiancache,
title={Online Release of ''Data-Oriented Design'' - What's wrong with object-oriented design?},
author={Richard Fabian},
howpublished={\url{http://www.dataorienteddesign.com/dodbook/node12.html}},
year={2018},
note={(Last Visited on 12.11.2018)}
}

@misc{nikolovDOD,
title={CppCon 2018: Stoyan Nikolov ''OOP Is Dead, Long Live Data-oriented Design''},
howpublished={\url{https://www.youtube.com/watch?v=yy8jQgmhbAU}},
year={2018}
}

@misc{blittable,
title={.NET Documentation - Blittable and Non-Blittable Types},
howpublished={\url{https://docs.microsoft.com/en-us/dotnet/framework/interop/blittable-and-non-blittable-types}},
note={(Last Visited on 12.11.2018)}
}

@misc{unitymath,
title={GitHub - Unity.Mathematics Library},
howpublished={\url{https://github.com/Unity-Technologies/Unity.Mathematics}},
note={(Last Visited on 12.11.2018)}
}

@misc{ecsforums,
title={Unity Forums - Entity Component System and C\# Job system},
howpublished={\url{https://forum.unity.com/forums/entity-component-system-and-c-job-system.147/}},
note={(Last Visited on 12.11.2018)}
}

@misc{ecsgotchas,
title={[Unity ECS] All of the Unityâ€™s ECS + Job system gotchas (so far)},
howpublished={\url{https://gametorrahod.com/all-of-the-unitys-ecs-job-system-gotchas-so-far-6ca80d82d19f}},
author={5argon},
note={(Last Visited on 12.11.2018)}
}

@misc{ecssamples,
title={GitHub - Unity-Technologies/EntityComponentSystemSamples},
howpublished={\url{https://github.com/Unity-Technologies/EntityComponentSystemSamples}},
note={(Last Visited on 12.11.2018)}
}

@misc{ecstutorials,
title={Unity Tutorials - Entity Component System},
howpublished={\url{https://unity3d.com/learn/tutorials/topics/scripting/introduction-ecs}},
note={(Last Visited on 12.11.2018)}
}

@misc{naiveUnityVideo,
title={Video of simulated galaxy in the naive unity case},
howpublished={\url{https://www.youtube.com/watch?v=Lp-_I0xIaQQ}}
}

@misc{jobOptimisedUnityVideo,
title={Video of simulated galaxy in the job optimised unity case},
howpublished={\url{https://www.youtube.com/watch?v=IkPpA9Nt9ow}}
}

@misc{naiveECSVideo,
title={Video of simulated galaxy in the naive ECS case},
howpublished={\url{https://www.youtube.com/watch?v=A9e0HptDLGM}}
}

@misc{naiveECSVideo100k,
title={Video of simulated galaxy in the naive ECS case with 100 000 stars},
howpublished={\url{https://www.youtube.com/watch?v=WaXisxdx51s}}
}

@misc{unityPerformanceTutorial,
title={Unity Tutorial - Optimizing graphics rendering in Unity games},
howpublished={\url{https://unity3d.com/learn/tutorials/temas/performance-optimization/optimizing-graphics-rendering-unity-games}},
note={(Last Visited on 14.11.2018)}
}

@misc{msaabloom,
title={YouTube - Video demonstrating MSAA vs. No MSAA for Unity's bloom implementation},
howpublished={\url{https://www.youtube.com/watch?v=rWIuwtPQ-rQ}}
}

@misc{actonForum,
title={Unity Forums - Thread discussing latency spikes with EndFrameTransformSystem},
howpublished={\url{https://forum.unity.com/threads/huge-spikes-on-the-profiler-caused-by-endframetransformsystem.555301/}},
note={(Last Visited on 14.11.2018)}
}

@misc{performanceMeasurer,
title={Project Repository - PerformanceMeasurer.cs},
howpublished ={\url{https://github.com/hedvik/IMT4888-Game-Technology/blob/master/IMT4888/Assets/Scripts/Regular\%20Unity\%20Scripts/PerformanceMeasurer.cs}}
}